@book{The_NURBS_Book,
  title     = {The NURBS Book},
  author    = {Prof. Dr. Les Piegl, Dr. Wayne Tiller (auth.)},
  publisher = {Springer-Verlag Berlin Heidelberg},
  isbn      = {978-3-540-61545-3,978-3-642-59223-2},
  year      = {1997},
  series    = {Monographs in Visual Communication},
  edition   = {2},
  volume    = {},
  url       = {https://link.springer.com/book/10.1007/978-3-642-59223-2}
}

@online{Azurion,
  author  = {Phillips},
  title   = {Azurion 7 C20},
  year    = {2023},
  url     = {https://www.philips.de/c-dam/corporate/newscenter/de/press-releases/2019/20190122-azurion-7-c20-mit-flexarm/philips-azurion-7-c20-mit-flexarm-produkt2-un-hs-20190122.download.jpg},
  urldate = {2023-05-14}
}

@online{AzurionPage,
  author  = {Phillips},
  title   = {Azurion 7 C20 with FlexArm Image-guided therapy system},
  year    = {2023},
  url     = {https://www.usa.philips.com/healthcare/product/HCNCVD207/azurion-7-c20-with-flexarm-image-guided-therapy-system},
  urldate = {2023-05-14}
}