@book{The_NURBS_Book,
   title =     {The NURBS Book},
   author =    {Prof. Dr. Les Piegl, Dr. Wayne Tiller (auth.)},
   publisher = {Springer-Verlag Berlin Heidelberg},
   isbn =      {978-3-540-61545-3,978-3-642-59223-2},
   year =      {1997},
   series =    {Monographs in Visual Communication},
   edition =   {2},
   volume =    {},
   url =       {https://link.springer.com/book/10.1007/978-3-642-59223-2}
}